<record><leader>00000cas a2200000 a 4500</leader><controlfield tag="001">16770297</controlfield><controlfield tag="008">870928d19011970iluir ne      0   a0eng  </controlfield><datafield ind1=" " ind2=" " tag="010"><subfield code="a">sn 87062376 </subfield></datafield><datafield ind1=" " ind2=" " tag="040"><subfield code="a">DLC</subfield><subfield code="b">eng</subfield><subfield code="c">DLC</subfield><subfield code="d">NVF</subfield><subfield code="d">CVF</subfield><subfield code="d">NVF</subfield><subfield code="d">OCLCQ</subfield><subfield code="d">OCLCO</subfield><subfield code="d">OCLCF</subfield><subfield code="d">NVF</subfield></datafield><datafield ind1=" " ind2=" " tag="042"><subfield code="a">pcc</subfield></datafield><datafield ind1=" " ind2=" " tag="043"><subfield code="a">n-us-il</subfield></datafield><datafield ind1="0" ind2="0" tag="050"><subfield code="a">Newspaper</subfield></datafield><datafield ind1="0" ind2="0" tag="245"><subfield code="a">DuPage County register.</subfield></datafield><datafield ind1="3" ind2=" " tag="246"><subfield code="a">Du Page County register</subfield></datafield><datafield ind1=" " ind2=" " tag="260"><subfield code="a">Bensenville ;</subfield><subfield code="a">Itasca ;</subfield><subfield code="a">Roselle, Ill. ;</subfield><subfield code="a">Arlington Heights, Ill. :</subfield><subfield code="b">H.C. Paddock &amp; Sons</subfield></datafield><datafield ind1=" " ind2=" " tag="300"><subfield code="a">v.</subfield></datafield><datafield ind1=" " ind2=" " tag="310"><subfield code="a">Triweekly,</subfield><subfield code="b">Mar. 1, 1967-July 10, 1970</subfield></datafield><datafield ind1=" " ind2=" " tag="321"><subfield code="a">Weekly,</subfield><subfield code="b">&lt;Dec. 12, 1903&gt;-Feb. 24, 1967</subfield></datafield><datafield ind1="1" ind2=" " tag="362"><subfield code="a">Began in 1901?</subfield></datafield><datafield ind1="0" ind2=" " tag="362"><subfield code="a">-69th year, [no.] 75 (July 10, 1970).</subfield></datafield><datafield ind1=" " ind2=" " tag="588"><subfield code="a">Description based on: Vol. 3, no. 35 (Dec. 12, 1903).</subfield></datafield><datafield ind1=" " ind2="0" tag="651"><subfield code="a">Bensenville (Ill.)</subfield><subfield code="v">Newspapers.</subfield></datafield><datafield ind1=" " ind2="0" tag="651"><subfield code="a">Roselle (Ill.)</subfield><subfield code="v">Newspapers.</subfield></datafield><datafield ind1=" " ind2="0" tag="651"><subfield code="a">Itasca (Ill.)</subfield><subfield code="v">Newspapers.</subfield></datafield><datafield ind1=" " ind2="0" tag="651"><subfield code="a">Addison (Ill.)</subfield><subfield code="v">Newspapers.</subfield></datafield><datafield ind1=" " ind2="0" tag="651"><subfield code="a">Wheaton (Ill.)</subfield><subfield code="v">Newspapers.</subfield></datafield><datafield ind1=" " ind2="0" tag="651"><subfield code="a">DuPage County (Ill.)</subfield><subfield code="v">Newspapers.</subfield></datafield><datafield ind1=" " ind2="7" tag="651"><subfield code="a">Illinois</subfield><subfield code="z">Addison.</subfield><subfield code="2">fast</subfield><subfield code="0">(OCoLC)fst01238071</subfield></datafield><datafield ind1=" " ind2="7" tag="651"><subfield code="a">Illinois</subfield><subfield code="z">Bensenville.</subfield><subfield code="2">fast</subfield><subfield code="0">(OCoLC)fst01227028</subfield></datafield><datafield ind1=" " ind2="7" tag="651"><subfield code="a">Illinois</subfield><subfield code="z">DuPage County.</subfield><subfield code="2">fast</subfield><subfield code="0">(OCoLC)fst01278422</subfield></datafield><datafield ind1=" " ind2="7" tag="651"><subfield code="a">Illinois</subfield><subfield code="z">Itasca.</subfield><subfield code="2">fast</subfield><subfield code="0">(OCoLC)fst01226539</subfield></datafield><datafield ind1=" " ind2="7" tag="651"><subfield code="a">Illinois</subfield><subfield code="z">Roselle.</subfield><subfield code="2">fast</subfield><subfield code="0">(OCoLC)fst01250142</subfield></datafield><datafield ind1=" " ind2="7" tag="651"><subfield code="a">Illinois</subfield><subfield code="z">Wheaton.</subfield><subfield code="2">fast</subfield><subfield code="0">(OCoLC)fst01216595</subfield></datafield><datafield ind1=" " ind2="7" tag="655"><subfield code="a">Newspapers.</subfield><subfield code="2">fast</subfield><subfield code="0">(OCoLC)fst01423814</subfield></datafield><datafield ind1=" " ind2=" " tag="752"><subfield code="a">United States</subfield><subfield code="b">Illinois</subfield><subfield code="c">Cook</subfield><subfield code="d">Bensenville.</subfield></datafield><datafield ind1=" " ind2=" " tag="752"><subfield code="a">United States</subfield><subfield code="b">Illinois</subfield><subfield code="c">DuPage</subfield><subfield code="d">Itasca.</subfield></datafield><datafield ind1=" " ind2=" " tag="752"><subfield code="a">United States</subfield><subfield code="b">Illinois</subfield><subfield code="c">DuPage</subfield><subfield code="d">Roselle.</subfield></datafield><datafield ind1=" " ind2=" " tag="752"><subfield code="a">United States</subfield><subfield code="b">Illinois</subfield><subfield code="c">Cook</subfield><subfield code="d">Arlington Heights.</subfield></datafield><datafield ind1="0" ind2="0" tag="785"><subfield code="t">Wood Dale register</subfield><subfield code="w">(DLC)sn 94054273</subfield><subfield code="w">(OCoLC)30835973</subfield></datafield><datafield ind1="1" ind2=" " tag="029"><subfield code="a">AU@</subfield><subfield code="b">000020473250</subfield></datafield></record>